@ARTICLE{Vironica,
    AUTHOR = "Arie Vironica and Sukadi",
    TITLE = "Rancang Bangun Aplikasi Pengelolaan Surat Masuk Dan Surat Keluar Pada Sekolah Menengah Pertama Negeri 2 Nawangan",
    JOURNAL = "Journal Speed - Sentra Penelitian Engineering dan Edukasi - Volume 5 No 4",
    YEAR = "2013",
}
