@MISC{XILINX,
    HOWPUBLISHED = "\url{https://www.xilinx.com/products/silicon-devices/fpga/what-is-an-fpga.html}",
    AUTHOR = "Xilinx",
    TITLE = "Field Programmable Gate Array (FPGA)",
	YEAR = "2020",
	NOTE = "Accessed on 2020-04-17"
}

@MISC{pdf:cheung,
    HOWPUBLISHED = "\url{http://www.ee.ic.ac.uk/pcheung/teaching/ee2_digital/Lecture 2 - Introduction to FPGAs.pdf}",
    AUTHOR = "Peter Cheung",
    TITLE = "Introduction to FPGAs",
	YEAR = "2019",
	NOTE = "Accessed on 2020-04-19"
}

@ARTICLE{desi_herawati,
    AUTHOR = "Desi Herawti, Aqwam Rosadi Kardian",
    TITLE = "Analisis Deteksi Tepi Pada Citra Digital Berbasis JPG Dengan Operator Canny Menggunakan Matrix Laboratory",
    JOURNAL = "Jurnal Ilmiah Komputasi",
    VOLUME = "17",
    NUMBER = "3",
    YEAR = "2018",
    MONTH = "September",
    NOTE = "p-ISSN 1412-9434/e-ISSN 2549-7227",
}


@ARTICLE{rashmi,
    AUTHOR = "Rashmi, Mukesh Kumar, Rohini Saxena",
    TITLE = "ALGORITHM AND TECHNIQUE ON VARIOUS EDGE DETECTION \: A SURVEY",
    JOURNAL = "Signal \& Image Processing \: An International Journal (SIPIJ)",
    VOLUME = "4",
    NUMBER = "3",
    YEAR = "2013",
    MONTH = "June",
}

@mastersthesis{thesis:jin,
    author={Jin Zhao},
    title={Video/Image Processing on FPGA},
    school={Worcester Polytechnic Institute},
    type={Master thesis},
    year={2015},
    month={April}
}

@book{book:darma,
    author  = "Darma Putra",
    title = "Pengolahan Citra Digital",
    publisher = "Penerbit Andi",
    year = "2010",
}